@mastersthesis{aalykke2016,
    author  = "Aalykke, Alexander Houmann",
    title   = "Computational Authorship Attribution in Danish High Schools",
    year    = "2016",
    school  = "DTU",
}
